3032 4924
277 335 296 396 6

279 528 339 586 qua
361 509 571 570 coniunctione
594 511 676 572 notio
697 512 789 588 vocis,
811 529 889 587 quae
911 511 1083 588 genetivum
1106 510 1236 580 assumit,
1259 509 1441 570 definitur

280 618 310 672 et
339 612 428 690 plane
458 611 641 690 explicatur!
693 611 723 672 Si
755 617 853 672 autem
886 632 945 674 vox
975 631 1042 672 cum
1076 613 1136 672 alio
1167 630 1238 672 casu
1272 611 1438 672 nominis

283 714 386 774 eodem
411 708 498 775 modo
520 715 698 787 conectitur,
722 716 1003 788 coniunctiorem
1030 716 1121 776 rebus
1142 716 1274 776 externis
1297 716 1437 775 effecta

280 816 334 894 sit,
367 817 463 876 levior
493 817 535 877 fit.
589 817 757 877 Discrimcn
786 819 892 897 igitur,
926 817 1006 895 quod
1036 819 1114 878 luter
1145 819 1199 878 has
1229 817 1306 878 duas
1338 835 1433 878 oon-

283 919 464 979 structiones
486 919 662 996 intercedit,
691 921 748 980 hoc
770 924 830 980 est:
861 913 1014 998 ‘genetivo
1038 920 1224 998 copulatio
1245 921 1433 996 interna,

282 1025 315 1080 ut
337 1021 377 1081 ita
399 1020 503 1100 dicam,
526 1021 583 1082 alio
606 1039 678 1082 casn
701 1025 852 1103 externa
874 1023 1082 1084 coniunctio
1106 1022 1308 1099 significatur!

367 1140 462 1215 Quam
486 1140 686 1201 definitionem
709 1142 733 1201 si
756 1141 940 1218 respicimus,
963 1143 1128 1220 generatim
1151 1146 1243 1219 atque
1261 1141 1427 1201 universe

281 1244 338 1302 tria
365 1261 475 1320 genera
498 1242 715 1303 coniunctionis
738 1245 889 1321 aptissime
915 1245 1086 1310 statuimus:
1117 1245 1247 1322 primum
1276 1248 1306 1304 et
1340 1244 1427 1303 sim-

281 1346 440 1422 plicissime
472 1345 591 1422 quidem
621 1337 799 1424 ‘possessio'
830 1347 879 1406 vel
912 1339 1029 1406 ‘causa’
1064 1344 1211 1422 quaedam
1244 1345 1426 1424 indicatur,

281 1451 343 1507 tum
378 1440 499 1524 ‘genus’
533 1447 750 1524 quodammodo
784 1467 851 1508 cum
884 1442 1024 1525 ‘siugulis
1056 1448 1206 1527 partibus*
1236 1447 1424 1525 copulatur,

282 1556 350 1629 post
373 1539 519 1610 liberrimo
543 1551 623 1609 notio
646 1551 749 1627 aliqua
777 1570 833 1628 per
863 1569 895 1611 se
918 1552 1015 1611 minus
1037 1549 1171 1627 perlecta
1192 1553 1235 1612 ita
1258 1551 1423 1628 expletur,

283 1658 316 1712 ut
338 1652 440 1712 addito
464 1653 669 1729 supplemento
692 1653 862 1714 accuratius
884 1653 1052 1714 definiatur.
1105 1641 1221 1728 Quibus
1243 1653 1281 1714 de
1304 1654 1420 1713 causis

283 1756 339 1814 tria
370 1773 481 1832 genera
511 1755 716 1832 genetivoruru
746 1755 907 1815 statuenda
934 1756 1088 1816 videntur:
1121 1757 1249 1834 primum
1272 1755 1419 1832 genetivi

284 1859 335 1935 qui
363 1857 503 1917 dicuntur
533 1850 722 1934 ‘possessivi'
751 1858 801 1918 vel
823 1852 987 1918 ‘causales’
1018 1859 1065 1918 vel
1087 1848 1306 1929 ‘coniunctivi’,
1341 1861 1415 1917 tum

283 1960 415 2036 genetivi
444 1951 600 2038 ‘generis',
631 1961 681 2037 qui
711 1961 803 2038 vulgo
834 1962 1027 2038 appellantur
1057 1965 1156 2037 genet
1178 1960 1343 2039 ‘partitivi’
1378 1965 1417 2021 et

284 2062 498 2139 ‘quantitatis',
520 2065 587 2138 post
608 2062 738 2139 genetivi
760 2056 972 2141 ‘supplementi
980 2063 996 2141 ’,
1006 2060 1052 2140 fut
1073 2065 1115 2122 ita
1137 2063 1245 2135 dicam,
1274 2081 1411 2139 quorum

284 2165 359 2225 fines
389 2165 460 2226 satis
490 2165 581 2241 longe
611 2167 727 2241 patent,
759 2166 879 2242 quando
911 2165 1032 2242 quidem
1064 2166 1124 2226 hoo
1157 2165 1309 2226 referendi
1343 2165 1412 2226 sint

284 2266 416 2344 genetivi
438 2261 614 2343 ‘obieotivi’,
642 2261 832 2346 ‘qualitatis’,
858 2262 1046 2345 ‘appositivi’
1070 2268 1118 2328 vel
1140 2262 1322 2338 ‘materiae’3
1354 2287 1410 2344 ge·

285 2371 401 2430 netivos
423 2373 522 2429 autem
545 2362 771 2448 ‘supplementi’
802 2369 862 2430 clici
891 2389 978 2448 posse
1007 2371 1191 2448 putaverim,
1223 2370 1306 2448 quod
1335 2371 1407 2431 sub·

283 2473 443 2533 stantlvum
475 2473 505 2534 in
537 2473 676 2549 genetiuo
706 2474 836 2550 positum
868 2475 953 2549 quasi
985 2473 1219 2534 additamentum
1249 2477 1309 2550 est,
1341 2492 1405 2550 quo

284 2575 365 2637 notio
394 2574 497 2652 aliqua
527 2576 666 2653 expletur
694 2579 784 2652 atque
812 2575 951 2635 absoluta
973 2575 1014 2635 fit.
1058 2577 1175 2636 Etenim
1199 2577 1279 2636 notio
1302 2576 1405 2652 aliqua

282 2676 451 2740 accuratius
474 2677 615 2739 delinitur
638 2682 668 2739 et
690 2679 805 2756 species
828 2680 873 2739 rei
896 2679 1065 2756 expeditur,
1087 2697 1154 2738 oum
1170 2679 1297 2754 primum
1312 2678 1404 2755 signi·

283 2780 391 2842 fleatur
413 2771 595 2857 ‘possessor’
623 2781 748 2841 alieuius
777 2782 820 2842 rei
851 2781 899 2840 vel
928 2773 1045 2842 ‘auctor
1054 2775 1069 2856 ’,
1102 2782 1155 2858 qui
1184 2780 1403 2858 quodammodo

283 2899 441 2961 possessor
463 2882 607 2959 appellari
629 2887 742 2960 potest,
772 2882 882 2943 deinde
907 2875 1041 2958 ‘genus’‚
1075 2886 1160 2944 cuius
1186 2900 1259 2961 pars
1289 2883 1402 2959 aliquid

284 2992 338 3064 est,
358 2988 427 3062 post
448 2977 526 3045 ‘res'
548 2985 598 3045 vel
619 2977 787 3062 ‘persona'‚
818 3003 879 3062 quo
907 2986 984 3046 actio
1011 2986 1158 3063 quaedam
1181 2991 1310 3064 spectat,
1339 2989 1402 3046 turn

284 3079 449 3164 ‘qualitas’‚
481 3105 560 3163 quae
590 3087 717 3146 alicuius
746 3087 788 3146 rei
818 3087 866 3147 vel
890 3088 1016 3148 hominis
1038 3088 1159 3166 propria
1180 3091 1242 3167 est,
1275 3105 1403 3164 cumque

284 3189 322 3250 au
346 3193 509 3250 extremum
532 3189 613 3250 notio
636 3189 747 3266 speciei
770 3189 885 3250 notioni
902 3190 1036 3266 generali
1050 3191 1078 3250 iu
1096 3190 1293 3270 appositionis
1307 3189 1402 3250 forma

283 3291 453 3368 apponitur.

370 3408 453 3483 Quae
477 3428 544 3470 oum
566 3410 608 3471 ita
629 3411 698 3488 sint,
719 3411 776 3471 hoc
797 3411 828 3472 in
851 3411 950 3488 capite
972 3412 1098 3488 primum
1121 3429 1245 3488 agemus
1261 3411 1299 3472 de
1314 3429 1398 3488 gene-

283 3514 351 3575 tiuis
374 3512 638 3588 coniunctivis,
661 3513 769 3574 deinde
785 3513 823 3576 de
838 3515 985 3592 genetiuis
1000 3515 1157 3592 generis,
1178 3517 1247 3592 post
1261 3513 1300 3576 de
1314 3532 1397 3592 gone-

284 3616 352 3675 tivis
375 3614 584 3692 obiectivls,
614 3619 674 3676 tum
697 3615 735 3676 de
761 3616 908 3692 genetiuis
937 3616 1127 3693 qualitatis
1158 3619 1188 3677 et
1209 3616 1331 3694 pretii,
1357 3615 1395 3675 ud

286 3723 451 3780 extromum
474 3715 511 3778 de
533 3718 681 3796 genetiuis
702 3719 880 3780 materiae.

743 3937 945 3950 --——-—·--
