3032 4924
275 349 317 408 44

362 522 562 582 distaedet:
587 522 692 598 Amph.
709 525 770 584 503
801 522 909 600 edepol
938 524 1011 582 hant
1037 512 1120 598 ¹quod
1150 522 1194 580 tui
1222 538 1268 580 me
1298 539 1407 598 neque

276 623 354 684 domi
378 624 551 684 distaedeat.
914 657 922 676 ο

361 727 527 787 fastidio:
561 725 650 787 Stich.
668 732 730 790 334
760 727 836 788 mein
866 727 999 804 fastidis,
1030 726 1234 804 propudiose?
1278 726 1354 786 Aul.
1377 725 1408 784 ll

277 834 306 902 2,
323 835 361 892 67
385 829 498 890 fastidit
521 831 586 889 mei.

361 933 472 991 inicio
503 949 654 992 manum:
685 934 937 1006 7111117149
969 936 999 992 te
1028 951 1147 991 manum
1179 932 1297 992 iniciam
1329 949 1407 1008 qua·

281 1033 409 1112 drupnli.
452 1037 535 1096 Pers.
556 1041 593 1096 71
618 1035 760 1107 tantidem
784 1035 833 1094 ille
855 1035 897 1094 illi
918 1053 1023 1094 rursus
1045 1034 1146 1094 iniciat
1168 1053 1296 1094 manum.

360 1137 457 1198 levo:
481 1137 556 1198 Rnd.
573 1142 632 1198 247
657 1141 691 1197 nt
712 1157 757 1196 me
781 1138 910 1196 omnium
932 1138 988 1196 iam
1012 1137 1149 1197 laborum
1169 1137 1259 1196 levas.

362 1258 404 1317 op
410 1241 495 1317 pleo
505 1237 544 1312 ¹):
566 1242 654 1300 Γ11111.
664 1242 693 1300 11
710 1245 739 1318 6,
751 1244 790 1301 42
808 1240 899 1300 multo
915 1243 1033 1300 ecastor
1048 1240 1142 1315 magis
1157 1240 1287 1318 oppletis
1301 1231 1407 1317 opn'st

277 1341 368 1401 tritici
390 1343 544 1418 granariis.

362 1441 596 1522 partieipo²):
620 1445 817 1523 Cist.l3,17
842 1447 1000 1523 paternum
1023 1462 1140 1503 servom
1169 1445 1213 1504 sni
1241 1443 1406 1520 participat

277 1547 390 1606 consilii
413 1572 454 1593 =
477 1548 654 1624 participem
679 1547 785 1606 reddit.

361 1649 475 1727 perdo
510 1650 594 1708 verbi
623 1642 820 1709 ‘condemno’
851 1649 1104 1709 constructionem
1136 1648 1244 1724 accipit
1274 1653 1305 1708 et
1334 1666 1403 1707 cum

277 1751 416 1827 genetivo
451 1744 583 1829 ‘capitis'
614 1752 756 1832 iungitur.
808 1752 893 1826 Quae
924 1751 1035 1812 locutio
1066 1751 1152 1828 quasi
1180 1751 1209 1810 in
1240 1749 1403 1810 formulam

276 1853 363 1914 abiit:
386 1855 495 1914 Bacch.
507 1857 569 1916 489
583 1873 625 1930 sq.
649 1849 759 1931 ‘egone
783 1859 815 1914 ut
837 1854 919 1914 illam
943 1855 1096 1914 mulierem
1119 1854 1225 1930 capitis
1248 1872 1310 1912 non
1333 1871 1402 1930 per·

278 1948 367 2014 dam'.
411 1956 492 2016 Asin.
511 1961 578 2018 132,
604 1957 747 2016 1111371.

361 2060 461 2135 potio
478 2083 518 2105 =
535 2059 564 2118 iu
587 2063 763 2135 potestatem
786 2059 917 2118 alicuius
939 2059 984 2119 rei
1010 2060 1057 2118 vel
1081 2077 1228 2136 personae
1246 2059 1403 2134 redigere:

279 2159 389 2235 Amph.
407 2163 466 2221 178
490 2180 557 2220 eum
580 2179 660 2220 nune
683 2161 791 2236 polivit
813 2165 897 2238 pater
920 2161 1090 2250 servitutis’,
1121 2165 1150 2221 et
1172 2161 1292 2237 passive
1316 2178 1404 2220 usur·

276 2263 378 2337 patum
411 2262 513 2322 eodem
546 2278 649 2322 seusu:
680 2262 819 2338 capena
850 2267 1008 2341 postquam
1039 2282 1121 2323 meus
1143 2268 1189 2323 est
1209 2281 1264 2322 rex
1285 2264 1402 2339 potitus

278 2364 405 2423 hostium
427 2389 468 2410 =
493 2370 598 2441 eaptus
629 2369 673 2424 est
695 2365 732 2425 ab
755 2367 907 2436 hostibus;
939 2365 1008 2426 ibid.
1026 2369 1095 2426 144.
1119 2369 1190 2428 762.
1226 2364 1313 2444 Epid.
1330 2369 1402 2426 532.

277 2465 347 2525 ibid.
363 2470 433 2528 562.

362 2568 561 2644 prehendo:
591 2568 763 2647 (ertappen)
786 2571 892 2630 Bacch.
910 2575 970 2632 696
1002 2589 1090 2648 quam
1122 2569 1256 2632 mendaci
1278 2569 1402 2646 prendit

277 2671 474 2730 manufestum
499 2671 596 2732 modo.

363 2776 498 2834 saturo:
522 2773 612 2834 Stich.
630 2778 668 2836 18
692 2775 765 2834 haec
787 2792 835 2836 res
857 2775 936 2834 vitae
959 2794 1013 2846 me,
1036 2792 1131 2852 soror,
1153 2773 1298 2835 saturant.

366 2972 386 3036 ¹)
405 2967 557 3024 Ablativus
570 2985 682 3042 quoque
696 2971 749 3024 hoc
761 2971 847 3025 verbo
860 2971 935 3026 sicut
948 2971 1063 3041 ί11111111,
1075 2971 1205 3040 conpleo'
1222 2970 1398 3025 adscribitur.

278 3053 395 3122 oppleo:
414 3054 505 3109 Aull
525 3057 548 3122 2,
562 3060 585 3108 6.
612 3055 694 3109 True.
708 3055 736 3108 ΙΙ
755 3061 778 3123 6,
792 3060 832 3109 ll.
859 3057 960 3112 Pseud.
980 3061 1037 3111 588.
1055 3052 1124 3111 Aul.
1137 3056 1177 3110 IV
1195 3061 1219 3120 6,
1233 3061 1263 3123 93
1288 3055 1399 3124 inplco:

278 3133 346 3191 Aul.
359 3139 400 3192 Ill
420 3144 471 3207 3,6
489 3146 637 3208 postquam
655 3141 799 3210 inplevisti
817 3139 941 3196 fustibus
959 3143 1074 3196 istorum
1093 3146 1184 3209 eaput.
1216 3141 1299 3195 Oasl
1323 3145 1344 3208 ¹1,
1358 3146 1399 3193 35.

278 3223 361 3277 Mero.
374 3228 431 3278 loe.
445 3226 576 3294 compleo:
596 3226 663 3280 Cist.
677 3225 690 3278 l
708 3229 732 3294 2,
742 3231 765 3281 9.
793 3224 884 3280 Aliter
903 3227 954 3282 hoc
966 3227 1081 3281 verbum
1094 3234 1257 3296 usurpatur:
1275 3224 1398 3280 Poen.V

278 3313 327 3375 tc
345 3309 455 3364 arabius
473 3309 684 3379 murrhinusqus
703 3311 794 3366 omnis
812 3312 907 3380 (Aoo.)
924 3312 992 3366 odor
1010 3312 1165 3381 complebat.

365 3396 389 3460 ²)
412 3395 632 3463 (lornparationis
661 3412 745 3451 eausa
773 3397 870 3450 afferre
894 3395 976 3452 liceat
999 3396 1049 3452 hos
1073 3397 1130 3468 duo
1154 3396 1243 3451 locos:
1272 3395 1330 3450 Mil.
1350 3399 1399 3450 232

278 3475 383 3534 Auden
402 3479 568 3549 participare
588 3482 716 3550 mequod
736 3482 924 3536 commentu's.
952 3482 1008 3536 Mil.
1022 3485 1071 3536 262
1084 3497 1124 3550 sq.
1137 3497 1194 3536 non
1212 3481 1311 3550 potuit,
1331 3482 1399 3552 quin

279 3577 405 3622 sermons
423 3580 474 3620 suo
493 3565 611 3633 aliquem
629 3565 802 3620 familiarium
821 3565 1033 3636 participaverit
1050 3567 1086 3620 de
1104 3567 1192 3620 amica
1212 3565 1259 3621 eri.
