3032 4924
283 348 322 414 38

369 527 477 588 libero:
510 530 595 589 Most.
611 531 672 592 973
697 531 848 607 quanti?
874 530 948 605 (soil.
970 530 1128 605 liberavit).
1150 561 1194 572 -
1214 530 1349 608 triginta
1376 534 1424 590 ta·

283 630 372 692 lautis
393 665 435 674 -
456 620 502 710 μὰ
522 620 586 690 τὸν
603 615 763 706 Ἀπόλλω,
786 638 832 694 set
852 634 945 695 minis.

370 737 396 795 7.
428 733 592 794 Genetivus
621 736 710 813 pretii
742 735 830 797 etiam
858 736 950 797 verbo
981 737 1099 815 impera.
1121 728 1242 798 ‘sareu’
1268 737 1425 816 adieitur,

284 840 318 897 ut
340 835 471 914 ‘quanti'
495 837 622 897 alieuius
644 838 756 899 referat
783 838 898 916 aliquid
927 838 990 899 lieri
1013 839 1178 900 indicetur:
1207 839 1269 899 Mil.
1285 843 1353 902 881
1375 859 1424 918 sq.

284 940 469 1000 meretricem
492 941 679 1014 commoneri,
702 960 791 1019 quam
811 959 887 1005 ,saue
909 943 1024 1018 magni
1047 941 1174 1019 referat,
1201 943 1272 1002 mihi
1297 943 1424 1003 elamat

283 1042 392 1102 Pseud.
406 1044 487 1106 1085
503 1061 570 1104 555
594 1045 721 1120 quanti
744 1045 838 1106 refert
860 1045 886 1105 ei
909 1063 965 1105 555
980 1049 1062 1104 reete
1078 1045 1187 1105 dieere.
1223 1045 1338 1105 Pseud.
1351 1049 1422 1106 102

284 1163 345 1206 555
368 1146 487 1222 pluris
510 1145 603 1207 refert
625 1165 722 1225 quam.
766 1148 843 1209 Rud.
859 1152 920 1210 966
944 1147 1036 1210 nihilo
1059 1147 1111 1224 pol
1132 1147 1248 1225 pluris
1274 1152 1332 1208 tua
1356 1149 1424 1208 hoa

285 1266 375 1326 quam
398 1249 526 1326 quanti
548 1249 617 1310 illut
638 1250 732 1311 refert
746 1269 819 1310 mea
862 1251 971 1310 Baoeb.
986 1269 1014 1310 v.
1025 1253 1086 1312 518
1101 1251 1132 1310 iu
1148 1249 1304 1311 oodioibus
1320 1251 1424 1310 valde

238 1335 241 1341 ¹
285 1353 447 1428 corruptus
477 1354 507 1412 et
535 1353 620 1412 vario
651 1352 739 1414 modo
770 1354 926 1413 restitutus
958 1355 1010 1413 555
1054 1353 1183 1412 Exstant
1205 1352 1281 1413 euim
1306 1355 1341 1412 iu
1368 1373 1424 1414 55

286 1452 395 1513 dioeA
417 1453 532 1515 litterae
554 1453 952 1517 TUMGUMNIHILOPLU
975 1459 1005 1515 et
1020 1458 1088 1531 post
1102 1453 1272 1530 quindecim
1288 1455 1424 1517 aireiter

285 1555 450 1616 litterarum
467 1556 595 1633 epatium
618 1558 777 1618 RldFElItT
799 1556 992 1635 (quamquam
1009 1557 1097 1617 trium
1112 1556 1275 1635 primarum
1290 1558 1423 1618 lacerae

285 1659 433 1738 reliquiae
447 1658 531 1720 visae
546 1662 618 1720 suut
640 1659 678 1719 ad
701 1661 762 1722 RIS
785 1663 934 1740 spectare,
956 1660 1009 1722 LA
1030 1664 1130 1734 autem
1147 1678 1295 1738 apparere
1312 1661 1422 1722 medio

286 1761 350 1822 iere
372 1759 467 1840 loeo);
498 1763 529 1822 in
551 1763 677 1840 reliquis
699 1764 866 1824 oodioibus:
896 1757 985 1824 ‘Tum
1010 1782 1076 1823 oum
1099 1764 1170 1823 milri
1200 1762 1292 1824 nihilo
1316 1764 1422 1841 pluria

286 1863 397 1926 referet
425 1863 495 1938 (nisi
527 1864 608 1943 quod
639 1869 709 1944 post
738 1864 835 1926 ‘mihi’
864 1867 977 1943 aliquid
1006 1885 1125 1926 erasum
1152 1867 1182 1925 iu
1205 1867 1240 1942 B,
1262 1883 1357 1942 quom
1383 1869 1420 1943 F,

286 1985 354 2028 eum
377 1969 414 2046 Z,
444 1968 557 2030 nichilo
580 1967 628 2042 D).
680 1969 861 2030 Ritaehelius
890 1971 990 2030 autem
1013 1970 1085 2028 satis
1108 1969 1200 2028 libere
1221 1985 1346 2028 versum
1368 1987 1419 2030 re

285 2071 381 2131 stituit
403 2072 461 2132 sio:
491 2065 582 2132 ‘Tum
605 2074 694 2149 quom
726 2071 819 2132 nihilo
846 2071 915 2149 plus
938 2071 976 2131 ad
998 2090 1083 2132 auam
1106 2090 1170 2131 rem
1192 2071 1259 2131 illut
1285 2065 1417 2132 5655555Ι

286 2175 317 2233 55
331 2174 421 2233 simili
436 2173 523 2235 modo
541 2174 749 2235 Hermauuus:
770 2168 861 2235 “Tum
878 2193 967 2251 quom
982 2174 1076 2235 nihilo
1096 2175 1164 2253 plus
1180 2173 1218 2234 ad
1234 2192 1332 2235 meam
1349 2193 1414 2235 rem

285 2275 437 2347 refferet’;
461 2276 567 2338 melius
590 2277 791 2339 Camerarius:
813 2273 902 2338 ‘Tum
919 2296 986 2337 eum
1011 2295 1076 2337 mea
1098 2275 1175 2337 illud
1198 2276 1290 2337 nihilo
1312 2277 1416 2352 pluris

285 2370 424 2456 referet’3
446 2377 589 2439 Haasius:
613 2378 702 2440 ‘Tum
719 2398 785 2441 eum
801 2399 866 2440 mea
881 2379 952 2440 mihi
973 2379 1064 2441 nihilo
1080 2379 1176 2457 pluris
1191 2371 1331 2456 releret’;
1356 2381 1416 2455 Py-

286 2479 354 2540 lade
370 2478 447 2541 duee
462 2481 601 2542 Bothius:
624 2473 714 2542 ‘Tum
731 2499 820 2558 quom
844 2482 900 2542 sibi
923 2499 959 2541 ea
981 2500 1029 2541 res
1052 2481 1144 2542 uilrilo
1159 2481 1254 2560 pluria
1268 2474 1416 2552 referet’3

286 2599 354 2643 oum
369 2583 399 2644 hi
414 2583 594 2646 locutionem
617 2577 728 2660 ‘pluris
750 2576 889 2663 reserre’,
910 2603 1000 2661 quam
1015 2584 1157 2644 Plautum
1181 2583 1300 2660 saepius
1323 2601 1418 2644 usur-

285 2704 358 2762 pare
387 2687 444 2745 iam
473 2687 614 2765 vidimus,
646 2706 770 2749 servare
794 2687 945 2748 studeant.
989 2684 1049 2746 Sed
1071 2687 1235 2764 simplicius
1258 2689 1289 2746 et
1310 2685 1416 2746 obaer-

285 2789 400 2849 vatioui
430 2791 585 2851 Ritsohelii
616 2791 716 2869 aptius
746 2795 808 2869 est,
841 2795 875 2851 ut
905 2790 1026 2867 expleta
1055 2791 1179 2861 laeuae,
1212 2807 1291 2867 quae
1323 2790 1357 2848 iu
1386 2790 1417 2850 A

284 2895 420 2971 apparet,
445 2891 612 2953 soribamus
640 2887 716 2953 ‘tum
748 2895 837 2970 quom
869 2893 963 2954 nihilo
989 2893 1084 2970 pluris
1113 2891 1243 2952 blandiri
1273 2885 1417 2955 referet'.

285 2995 403 3056 Etenim
427 2995 544 3056 litterae
565 2988 652 3056 ‘BIS
669 2986 877 3055 BLANDlltl’
907 2993 1040 3072 vestigiis
1070 2995 1099 3053 iu
1130 2995 1157 3053 A
1179 2993 1307 3054 servatis
1333 2993 1416 3054 bene

284 3096 470 3172 respondent
492 3101 522 3157 et
542 3098 671 3174 spatium
687 3115 814 3157 vaeaum
830 3098 960 3174 explent
1003 3097 1072 3156 Huo
1094 3095 1224 3168 aeoedit,
1247 3094 1329 3173 quod
1355 3095 1415 3156 hoo

285 3199 351 3260 loeo
374 3199 411 3260 de
434 3199 526 3261 verbo
548 3194 735 3261 ‘blandiendi
756 3200 805 3278 agi
828 3219 854 3260 v.
872 3202 932 3261 517
957 3199 1053 3260 dooet.

372 3305 401 3364 8.
429 3302 485 3364 Ηὶ5
507 3303 660 3381 aptissime
682 3304 822 3379 subiungi
845 3306 974 3380 possunt
995 3301 1052 3362 hae
1073 3302 1242 3361 locutiones
1253 3298 1285 3374 1).
1501 3327 1502 3332 ¹

372 3422 505 3482 operae
527 3403 630 3479 est²):
660 3406 770 3466 Pseud.
786 3410 857 3468 377.
886 3407 976 3466 Mero.
993 3408 1041 3482 10.
1072 3405 1178 3466 0as.V
1202 3408 1230 3481 2,
1246 3406 1274 3464 5.
1300 3403 1413 3481 Amph.
1501 3413 1502 3462 ξ

290 3511 359 3569 151.
382 3509 473 3568 Truo.
489 3509 530 3568 IV
552 3512 581 3586 4,
597 3513 653 3580 30;
677 3526 787 3586 operae
809 3527 869 3568 nou
892 3511 951 3567 est:
975 3507 1118 3569 Μῑ5252.
1141 3510 1212 3568 818.
1236 3491 1413 3569 iueraerr.
1501 3535 1502 3568 l

287 3613 378 3672 llere.
394 3613 455 3674 286
484 3604 524 3671 ‘si
552 3611 666 3673 videam
694 3611 747 3673 tibi
777 3629 898 3689 operam
930 3628 995 3672 esse
1025 3613 1078 3671 aut
1105 3602 1220 3671 otium’.
1264 3610 1309 3669 lta
1330 3610 1411 3670 anim
1501 3651 1502 3668 r

288 3733 355 3774 eum
370 3713 541 3791 Riteohelio,
564 3715 615 3790 qui
639 3711 725 3774 codd.
748 3715 894 3793 sequitur,
916 3715 998 3773 huno
1020 3713 1117 3773 looum
1134 3710 1324 3772 scribendum
1343 3729 1411 3774 esse

287 3835 463 3895 persuasum
494 3816 596 3877 habeo.
640 3817 749 3894 Neque
778 3818 856 3878 euim
888 3834 953 3876 5555
976 3815 1110 3888 videtur,
1142 3833 1196 3875 our
1219 3833 1285 3875 oum
1308 3815 1411 3877 Brixia

289 3918 340 3993 (of.
363 3920 424 3979 Mil.
440 3923 501 3982 252
525 3918 638 3993 adnot)
670 3918 806 3980 oodioum
829 3919 984 3978 leotiouem
1007 3934 1185 3996 respuamus
1209 3919 1238 3977 et
1262 3915 1410 3995 ‘operam’

290 4026 503 4083 commutemus
529 4023 560 4082 in
582 4015 727 4100 ‘operae’.
771 4021 849 4081 Nam
881 4020 1070 4082 aecusativus
1093 4017 1239 4097 ‘operam’
1263 4019 1320 4080 hoo
1343 4020 1411 4083 loeo

288 4128 413 4203 propter
435 4126 639 4187 aeousativum
661 4115 779 4185 ‘otium’
803 4124 855 4201 qui
877 4125 1013 4201 sequitur
1035 4123 1166 4201 scriptus
1187 4122 1317 4183 videtur.

377 4271 399 4336 ¹)
416 4269 451 4324 af.
471 4269 506 4323 de
530 4269 657 4337 explieat.
675 4265 774 4323 horum
797 4268 990 4337 genetivorum
1013 4269 1045 4322 Ε.
1062 4267 1221 4322 Hoffmauui
1244 4272 1411 4323 commenta·

292 4353 397 4410 tionem
414 4353 444 4407 in
461 4351 639 4407 Fleckeiseai
657 4353 759 4407 annali,
777 4367 839 4406 auu.
860 4355 926 4407 1874
943 4370 970 4422 p.
983 4357 1041 4407 556.

375 4439 400 4503 ²)
416 4435 452 4493 af.
470 4453 497 4507 p.
510 4439 540 4490 21
562 4435 687 4506 ‘magist
