3032 4924
554 1345 695 1448 caput
720 1347 759 1428 Ι.

372 1533 617 1601 enunurvus
639 1533 942 1600 nouomunnrs.

180 1693 215 1752 In
239 1693 449 1754 construendis
464 1694 620 1771 genetivis,
643 1695 694 1772 qui
710 1693 879 1755 nominibus
894 1693 1074 1772 adiciuntur,
1095 1695 1220 1756 Plautus

92 1796 274 1872 plerumque
297 1814 363 1857 cnm
388 1796 453 1856 aliis
475 1797 674 1875 scriptoribus
697 1797 827 1857 omnium
850 1800 1017 1875 temporum
1041 1797 1123 1869 iacit,
1153 1815 1218 1857 cum

92 1898 250 1974 genetivos
274 1901 303 1958 et
325 1899 494 1960 nominibus
513 1900 647 1959 ,omnium
670 1916 813 1976 generum
837 1899 998 1976 adscribat,
1021 1903 1051 1959 et
1069 1900 1220 1976 pronomi-

93 2000 195 2076 nibus,
219 2002 430 2078 numeralibus,
453 2001 618 2078 adieetivis,
644 2002 809 2080 participiis
831 2001 1057 2079 adverbiisque,
1088 2021 1166 2078 quae
1188 2003 1219 2061 in

94 2103 349 2163 substantivorum
373 2105 433 2164 vim
456 2122 491 2163 ac
513 2107 692 2182 potestatem
715 2103 861 2164 abierunt.
910 2104 1018 2180 Neque
1041 2104 1166 2164 multum
1189 2105 1219 2163 in

94 2203 153 2265 hac
175 2208 325 2264 structura
347 2205 478 2282 genetivi
501 2224 520 2265 a
541 2205 757 2282 posterioribus
789 2205 957 2284 discrepat,
988 2205 1071 2284 quod
1099 2205 1219 2282 quidem

96 2324 133 2366 ex
163 2311 272 2367 natura
302 2311 394 2384 atquo
421 2308 523 2368 indole
555 2308 686 2384 genetivi
709 2307 907 2368 adnominalis
929 2309 1074 2383 sequitur.
1118 2308 1220 2383 Quare

96 2427 207 2485 operae
229 2428 288 2469 non
312 2411 441 2487 pretinm
464 2428 530 2470 csse
553 2410 688 2487 videtur,
710 2411 809 2471 omnia
831 2411 920 2472 buius
942 2411 1061 2488 generis
1083 2411 1220 2488 exempla

95 2512 211 2583 afferro,
233 2511 286 2571 sed
308 2513 454 2590 pleraque
477 2512 597 2574 silentio
619 2512 785 2591 praeterire
808 2512 878 2572 mihi
901 2512 972 2573 licet
993 2517 1113 2589 practer
1135 2513 1220 2590 haec,

96 2631 173 2691 quae
197 2615 478 2676 commemoratione
501 2619 643 2675 accurata
666 2615 757 2691 digua
779 2614 929 2675 videntur.

179 2735 360 2812 Priusquam
391 2739 491 2794 autem
522 2735 641 2811 singula
671 2734 761 2794 huius
791 2751 865 2794 usus
887 2735 1026 2812 exempla
1049 2751 1219 2795 enumerem

97 2838 186 2912 atque
209 2837 371 2914 explicem,
393 2854 490 2915 panca
511 2836 729 2913 praemittenda
751 2839 836 2908 sunt,
867 2841 900 2897 nt
923 2840 1067 2914 appareat
1090 2840 1119 2897 et
1142 2855 1220 2913 qnae

98 2939 135 2997 sit
155 2938 201 2998 vis
223 2957 259 2998 ac
281 2943 416 3017 potestas
438 2940 568 3016 genetivi
593 2943 622 2999 et
645 2955 723 3016 quae
745 2939 774 2998 in
798 2957 909 3016 genera
931 2956 1004 2999 usus
1021 2939 1085 2998 eius
1100 2938 1220 2998 omnino

100 3039 322 3118 dispertiendus
338 3042 376 3101 sit
392 3045 422 3102 et
444 3041 527 3118 quod
549 3042 705 3102 consilium
728 3041 757 3100 in
781 3059 837 3102 usu
860 3041 1067 3118 genetivorum
1090 3040 1221 3101 adnomi-

100 3142 208 3202 nalium
232 3143 429 3204 describendo
453 3148 574 3204 secutus
597 3144 660 3203 sim.

180 3256 393 3336 ‘Genetivus¹)
416 3267 462 3324 est
483 3263 509 3322 is
532 3280 620 3323 casus
641 3262 783 3335 nominis,
815 3263 866 3340 qni
896 3263 963 3323 loco
990 3261 1125 3323 attributi
1152 3281 1219 3323 cum

100 3365 154 3424 alia
174 3365 295 3425 notione
310 3396 353 3408 ·-
369 3366 432 3426 sive
448 3365 682 3426 substantivo
705 3367 767 3426 sive
790 3365 973 3425 adiectivo
995 3366 1060 3425 sive
1074 3362 1219 3438 verbo²l

102 3501 139 3510 —-
162 3467 339 3528 coniunctus
361 3467 444 3528 nulla
465 3468 524 3528 aliu
547 3485 621 3528 voce
641 3466 844 3527 intercedente
858 3468 1034 3527 artissimam
1049 3472 1080 3527 et
1095 3471 1221 3528 naturae

101 3570 265 3647 notionum,
296 3589 377 3648 quae
400 3571 639 3647 coniunguntur,
669 3569 850 3648 aptissimam
878 3570 1097 3648 copulationem
1120 3569 1221 3648 eflicit,

183 3820 203 3885 ¹)
222 3817 258 3871 oi.
277 3816 422 3873 Knehner:
441 3819 502 3872 Lat
520 3818 640 3872 Gramm.
659 3815 687 3870 II
708 3822 729 3886 l,
747 3820 815 3886 §82,
830 3822 857 3888 ¹3
873 3821 942 3887 §83,
956 3822 979 3872 2.
1014 3817 1140 3888 Madvig:
1159 3819 1220 3872 Lat.

102 3901 277 3972 Spracblehrs
298 3906 360 3957 1847
380 3905 465 3970 §279-

180 4007 201 4070 2)
220 4004 304 4060 Falso
327 4005 413 4074 igitur
437 4004 612 4059 contendunt
634 4005 796 4074 genetivum
819 4004 872 4060 uisi
897 4005 986 4060 verbo
1010 4005 1055 4061 vel
1079 4005 1219 4060 adiectivo

103 4089 172 4142 notio
195 4088 341 4144 nominalis
364 4088 503 4159 quaedam
527 4089 694 4160 inritatque
712 4090 905 4159 intellegatur,
932 4105 968 4145 or
991 4106 1047 4160 qua
1069 4091 1219 4159 genetivus

104 4173 177 4242 quasi
194 4175 328 4243 pendeat,
352 4173 485 4244 explicari
503 4190 558 4229 nou
577 4191 675 4245 posse3
699 4181 728 4230 et
743 4176 846 4230 iniuria
862 4176 898 4230 ad
917 4176 1003 4231 verba
1020 4176 1154 4230 nonnulla
1172 4191 1217 4231 ex-

103 4257 235 4327 pedienda
257 4258 364 4328 ellipsis
386 4259 457 4314 ratio
475 4259 613 4329 accipitur
631 4275 647 4314 a
664 4259 815 4316 Kuobnero
833 4261 850 4316 1.
863 4277 887 4330 o,
904 4265 972 4331 581,
986 4265 1015 4331 2,
1040 4262 1218 4332 aDraegero

104 4343 119 4399 l.
131 4359 151 4398 o.
167 4347 183 4411 5
196 4346 252 4399 lus.
