3032 4924
280 384 320 450 32

365 558 530 631 mendax,
562 556 610 615 eui
637 557 688 617 nni
712 575 728 616 e
750 575 874 618 numero
897 557 1114 618 adteotivorum
1137 559 1303 618 verbalium
1329 579 1427 636 quae

278 664 426 720 vooantur
447 661 478 718 in
501 651 566 717 ‘ax’
590 659 761 718 exeuntium
785 660 912 718 Plautus
935 661 1109 735 genetivum
1131 661 1289 721 adscribit:
1323 662 1427 721 Asin.

279 767 340 825 855
363 756 402 821 ‘si
426 761 513 822 huius
534 761 577 822 rei
600 780 646 820 me
669 761 842 821 mendaeem
865 779 931 822 osse
953 757 1124 824 inveneris'.

364 866 528 943 poliens,
564 863 644 941 quod
669 864 761 924 semel
794 883 860 924 oum
893 865 1033 941 genetivo
1064 866 1259 942 compositum
1293 865 1426 942 iegitur

279 967 466 1045 eandemque
497 965 676 1026 seritontiam
706 985 779 1044 puae
802 984 833 1026 se
855 965 914 1026 fert
936 969 1028 1043 atque
1051 960 1200 1052 ‘potens’:
1235 968 1327 1028 Ouro.
1348 973 1423 1028 114

277 1070 458 1148 vinipoliens
481 1068 598 1147 lepidus
621 1068 721 1128 Liber.

362 1173 483 1251 potior
519 1171 622 1232 eodem
659 1188 748 1232 sensu
778 1175 869 1247 atque
897 1165 1043 1248 ‘poliens,
1079 1171 1198 1246 potens'
1228 1173 1421 1248 genetivum

277 1276 415 1336 assumit:
445 1276 565 1334 Truel
590 1279 616 1352 1,
632 1278 671 1335 27
695 1275 740 1333 sin
764 1274 840 1334 alter
861 1274 930 1332 altri
939 1267 961 1350 ¹)
985 1275 1083 1350 potior
1106 1278 1165 1344 est;
1189 1275 1283 1334 Oasl
1309 1280 1342 1352 1,
1361 1281 1420 1337 24.
1496 1325 1497 1356 ἐ

277 1378 373 1453 Quam
396 1381 428 1438 tu
452 1377 516 1437 eius
538 1377 635 1453 potior
658 1375 719 1436 fias.
1496 1363 1497 1404 ³

362 1494 482 1539 sanus:
512 1480 595 1539 Trin.
610 1483 673 1540 454
695 1480 771 1540 satin
795 1483 827 1538 tu
850 1472 951 1538 saun’s
974 1480 1080 1538 mentis
1103 1483 1155 1538 aut
1176 1479 1266 1538 animi
1289 1483 1351 1541 tui.

811 1931 855 2014 0.

359 2079 427 2138 Huo
449 2077 597 2138 aooedunt
618 2071 776 2153 partieipia
802 2072 990 2152 praesentis,
1021 2094 1098 2152 quae
1125 2076 1182 2134 vim
1210 2081 1240 2136 et
1266 2083 1412 2154 potesta·
1496 2111 1497 2126 .

274 2185 332 2240 tem
355 2179 571 2240 adieotivorum
593 2179 636 2237 ita
657 2177 794 2248 induunt,
817 2185 850 2238 ut
872 2180 1043 2254 genetivum
1065 2175 1278 2252 adsoisoantii.

360 2286 492 2342 aman'a:
529 2281 688 2342 Asines:
726 2285 873 2341 amantem
904 2282 1005 2342 uxoris
1035 2300 1187 2351 maxumo;
1225 2283 1312 2342 Asin.
1340 2287 1411 2346 591
1496 2281 1497 2288 '

274 2386 345 2462 quia
367 2384 411 2445 tui
433 2401 537 2444 amans
558 2383 696 2443 abeuntis
719 2400 801 2460 egeo.

358 2487 508 2565 oupiens
530 2509 571 2532 =
595 2485 736 2562 cupidus:
772 2486 832 2546 Mil.
855 2488 932 2562 9973
968 2485 1076 2563 Amph.
1099 2489 1174 2556 1323
1213 2485 1411 2558 Mii.1049;

274 2592 368 2660 1165;
393 2587 483 2650 Poen.
505 2589 579 2666 prol.
596 2591 649 2658 743
672 2587 780 2647 Buoob.
795 2591 855 2649 278
880 2587 958 2647 domi
982 2588 1146 2663 cupientes.

358 2708 479 2768 egens:
502 2690 610 2752 Beoob.
623 2694 683 2751 651
708 2707 800 2767 egens
823 2691 927 2749 oonsiii
943 2707 1057 2750 servos.
1100 2690 1176 2750 Rud.
1192 2693 1254 2751 274
1270 2695 1409 2767 egentes

272 2812 371 2872 opum.

357 2912 500 2972 gerens:
527 2895 645 2954 Truel
668 2898 695 2966 2,
711 2899 751 2956 43
774 2894 890 2956 faoiuut
911 2895 953 2954 rei
977 2895 1052 2955 maie
1075 2900 1227 2972 gerentes3
1257 2895 1407 2956 'druell

274 3003 301 3077 1,
318 3001 356 3060 13
389 2998 528 3057 miserere
558 3015 614 3056 nos
645 2996 795 3056 bominum
819 2997 862 3055 nei
885 2997 962 3057 male
984 3001 1159 3075 gerentum:
1193 2999 1403 3074 nequeenim

272 3118 364 3160 osum
381 3099 500 3160 videtui·
523 3115 598 3176 esse,
620 3116 675 3158 our
698 3116 763 3158 oum
781 3098 897 3174 Bothio,
919 3117 1007 3177 quem
1023 3099 1132 3177 Speng.
1148 3100 1293 3176 sequitur,
1316 3092 1406 3177 ‘rei',

271 3200 353 3279 quod
378 3200 464 3261 eodd.
487 3202 588 3278 optimi
612 3200 690 3262 Bon
712 3201 866 3279 praebent,
887 3201 917 3260 in
939 3194 1029 3260 ‘rem’
1053 3207 1274 3262 eommutemus.

356 3303 539 3380 indigens:
563 3303 639 3364 Rud.
656 3306 717 3365 943
740 3304 783 3363 tui
806 3304 949 3364 sermonis
972 3321 1036 3365 sum
1055 3303 1204 3382 indigens.
1240 3304 1316 3364 Rud.
1331 3308 1400 3367 642

270 3405 313 3466 tni
336 3405 508 3481 indigentes
531 3407 632 3478 auxili3
656 3406 754 3467 cisti
778 3410 804 3478 1,
821 3410 860 3467 31
884 3424 1005 3467 suarum
1029 3423 1118 3484 opum
1135 3425 1191 3468 nos
1206 3407 1311 3467 volunt
1326 3425 1401 3469 esse

270 3505 445 3583 indigentes.

355 3624 594 3687 persequens:
619 3608 684 3669 Oas.
700 3611 728 3669 11
753 3613 892 3687 1,12sq.
913 3609 1007 3688 flagiti
1028 3615 1266 3690 persequentem.

355 3711 487 3772 soiens:
518 3710 583 3771 (ias.
605 3712 679 3789 prol.
696 3716 735 3774 63
758 3713 855 3772 sciens
877 3713 941 3773 eius
963 3718 1057 3774 mater
1080 3714 1107 3774 ei
1129 3713 1183 3775 dat
1204 3733 1326 3791 operam
1351 3739 1400 3764 ε

270 3813 333 3874 eius
355 3813 398 3874 rei
421 3814 541 3874 oonseia
563 3832 598 3874 ao
620 3832 723 3891 gnara.

269 3929 471 3938 ----ι-

357 3995 377 4059 ¹)
395 3993 485 4048 ‘alui’
503 3992 652 4062 genetivus
670 3998 703 4046 ut
719 3992 795 4047 ‘uili’
814 3993 969 4064 Tenent,
983 4000 1024 4050 38.
1043 3993 1079 4050 of.
1092 3996 1127 4051 de
1140 3994 1293 4051 formandis
1306 4012 1401 4065 gene-

268 4079 349 4134 dvis:
367 4076 533 4133 Buecheler:
552 4073 613 4132 L'at.
626 4076 810 4134 Declination.

353 4165 378 4230 ²)
394 4163 437 4216 De
455 4162 483 4232 vi
501 4162 584 4217 buius
603 4163 725 4232 genetivi
744 4162 780 4219 oi.
798 4163 893 4220 Haasii
912 4165 1005 4220 adnot.
1019 4169 1066 4220 52:
1086 4166 1121 4220 ad
1139 4165 1246 4235 Reisig.
1265 4167 1282 4222 l.
1295 4182 1321 4222 o.
