3032 4924
519 1251 661 1356 caput
688 1253 772 1337 111.

571 1409 721 1474 VERBA.

173 1551 268 1611 Etiam
294 1552 466 1628 verborum,
488 1551 596 1627 quibus
612 1550 736 1611 Plautus
755 1551 924 1627 genetivum
941 1550 1084 1626 adiungit,
1106 1569 1206 1612 nume·

87 1671 138 1713 rus
168 1657 213 1713 est
241 1671 430 1731 permagnus.
473 1652 626 1713 'Genetivo
657 1658 756 1713 autem
786 1655 936 1713 notionem
967 1659 997 1714 et
1026 1653 1100 1732 vim,
1128 1673 1207 1731 quae

87 1756 180 1816 verbo
203 1757 382 1831 continetur,
403 1757 571 1815 accuratius
593 1755 725 1831 explicat
747 1759 777 1815 et
799 1754 909 1815 definit.
953 1754 1021 1829 Quo
1042 1756 1073 1816 in
1096 1773 1208 1832 genere

88 1877 154 1919 cum
179 1877 286 1934 magna
307 1859 443 1918 libertate
465 1861 575 1932 utatur,
598 1857 626 1916 io
644 1858 726 1934 quod
742 1860 896 1935 proprium
912 1859 1058 1918 sermonis
1072 1859 1208 1936 vulgaris
1282 1885 1284 1891 v

87 1968 148 2039 est,
176 1964 262 2020 etiam
296 1961 394 2020 verbis
424 1962 616 2037 quibusdam,
647 1979 725 2036 qnae
755 1979 774 2019 a
802 1960 1016 2038 posterioribus
1039 1961 1096 2021 alio
1119 1961 1207 2021 modo

88 2064 220 2123 construi
244 2062 349 2132 soient,
372 2063 541 2138 genetivum
564 2061 655 2122 addit.

378 2278 408 2344 Ι.
442 2275 633 2344 Genetivos
656 2275 917 2360 praedicativos

89 2421 106 2478 i.
122 2439 148 2480 e.
169 2420 341 2499 genetivos,
363 2421 413 2496 qni
438 2421 467 2478 in
491 2418 655 2496 praedicati
677 2419 743 2479 loco
765 2419 855 2497 positi
878 2423 949 2479 sunt
960 2416 996 2493 ¹),
1020 2420 1095 2480 haec
1116 2421 1211 2480 rerba

89 2521 275 2582 adsciscunt:

174 2637 260 2687 esse:
297 2629 323 2685 1.
347 2624 392 2682 Ar
431 2623 655 2702 significandum
694 2641 898 2701 possessorem
938 2623 1065 2684 alicuius
1094 2625 1137 2684 rei
1161 2625 1211 2684 vei

90 2719 236 2806 personae
258 2732 372 2803 genet
394 2727 443 2785 vsi
458 2745 556 2804 prou.
572 2743 727 2804 possess.
741 2725 896 2786 adduntur
910 2727 1045 2804 plurimis
1060 2727 1212 2804 exemplis,

90 2848 167 2907 quae
191 2831 331 2906 qnoniam
355 2847 404 2889 res
427 2829 620 2889 usitatissima
641 2832 695 2900 est,
718 2828 853 2905 proferre
875 2825 1100 2906 supersedeo²).

176 2935 204 2993 2.
226 2932 352 3008 Saepius
374 2931 423 2990 hic
445 2932 602 3007 genetivus
619 2931 758 2991 tralato
774 2931 902 3008 quodam
919 2949 1026 3022 sengu
1042 2935 1213 3009 usurpatur,

90 3039 123 3094 nt
144 3032 306 3112 significet:
329 3033 492 3108 ‘convenit
515 3035 562 3094 vel
585 3033 711 3093 debetur
731 3032 821 3092 alicui
837 3032 959 3110 aliquid,
982 3038 1034 3092 aut
1049 3034 1214 3111 proprium,

91 3154 207 3213 munus,
229 3135 359 3195 officium
383 3136 509 3196 alicuius
532 3128 599 3194 est'.
643 3135 676 3194 Iu
694 3135 791 3194 Plauti
815 3134 924 3194 tabuiis
947 3136 1104 3212 genetivus
1125 3136 1213 3195 huius

91 3237 168 3297 modi
199 3239 244 3296 his
273 3239 347 3297 locis
376 3238 525 3313 reperitur
555 3241 585 3296 et
607 3254 745 3313 semper
767 3236 887 3312 quidem
910 3239 1110 3315 genetivus
1133 3257 1214 3316 per·

91 3359 213 3418 sonae,
242 3358 308 3400 cum
332 3340 382 3398 alii
403 3340 566 3416 scriptores
588 3339 674 3398 etiam
698 3339 854 3415 genetivos
877 3339 1028 3399 nominum
1052 3339 1214 3400 abstracto·

91 3439 187 3515 romi)
211 3441 316 3502 eodem
340 3441 427 3502 modo
451 3444 613 3520 usurpent:

179 3624 197 3685 1)
217 3619 255 3674 Ut
272 3626 365 3675 cutem
382 3620 434 3675 hos
452 3619 600 3689 genetivus
619 3618 692 3673 hunc
709 3621 738 3673 in
755 3619 865 3672 modum
885 3620 1034 3689 explicem,
1053 3635 1086 3674 eo
1103 3617 1215 3676 facilius

92 3705 236 3774 perducor,
256 3707 331 3774 quod
349 3707 487 3775 permuita
504 3711 570 3759 snut
588 3705 673 3759 verba
685 3705 840 3773 composita
852 3704 944 3774 latina
963 3711 995 3760 ut
1012 3705 1215 3762 adiectivorum

91 3805 235 3845 numerum
259 3806 401 3860 magnum,
429 3805 501 3860 quae
524 3788 578 3843 huc
600 3795 743 3859 spectant,
776 3790 1009 3860 praetermittam,
1043 3806 1114 3860 quae
1138 3792 1215 3846 nullo

92 3876 146 3930 alio
171 3875 253 3929 modo
277 3874 409 3943 explicari
434 3890 518 3943 posse
544 3875 677 3929 videntur
699 3875 780 3928 telut
804 3879 836 3928 ut
858 3888 948 3944 pauca
972 3881 1078 3929 tantum
1103 3875 1214 3930 afferam

92 3960 231 4028 exempla:
261 3957 446 4029 ‘significare‚
473 3958 645 4027 sacrificare,
672 3958 828 4028 ludificare,
855 3957 1048 4029 magnificare,
1072 3958 1216 4028 laetificor,

93 4042 219 4114 clarifico,
237 4045 363 4113 aedifico,
380 4043 541 4113 aequiparo.
559 4044 692 4113 salvifico,
711 4044 854 4112 testificor,
874 4043 1012 4114 purifico'.
1155 4039 1157 4044 ’

177 4132 200 4196 ²)
217 4129 253 4184 cf.
266 4131 302 4185 de
319 4129 427 4200 origine
446 4136 474 4184 et
485 4130 514 4186 vi
532 4128 615 4185 huius
632 4131 755 4200 genetivi
774 4128 920 4184 Knehner:
939 4132 999 4185 Lat.
1013 4130 1132 4186 Gramm.
1144 4131 1172 4184 li
1187 4137 1214 4201 ¹3

198 4255 205 4268 .
217 4219 241 4268 2.

93 4218 160 4282 μθ,
178 4219 200 4365 ³¹)
218 4299 400 4355 Substantiva
417 4300 559 4355 abstracta
581 4315 692 4370 semper
715 4301 745 4354 in
762 4299 935 4355 nominativo
954 4302 1020 4370 poni
1039 4307 1115 4356 recte
1133 4302 1217 4357 docet

94 4385 166 4440 (soil.
181 4384 294 4440 Votsch.
313 4387 329 4438 l.
343 4402 365 4440 e.

975 4494 991 4545 3
