3032 4924
8 713 9 716 Ἴ
126 635 183 695 sibi
206 653 295 705 suoo;
328 637 418 694 Pseu.
434 635 510 712 prol.
526 638 565 696 57
589 651 675 694 suum
699 633 753 692 sibi
775 633 982 709 proscenium
1012 621 1103 690 Pseu.
1119 628 1247 706 protili

125 755 210 798 suam
233 738 289 798 sibl
312 741 485 816 eoguatam3
515 739 606 798 Poeu.
629 737 659 796 ll
683 740 709 808 1,
732 738 774 797 40
794 735 889 811 pinna
911 751 966 794 sua
988 733 1053 793 sibi.

212 841 280 900 Huo
307 838 500 900 referendum
523 838 643 899 videtur
672 837 760 898 etium
783 839 875 898 Truo.
898 836 940 896 lll
963 839 991 912 2,
1015 838 1055 897 30
1076 827 1155 895 ‘mea
1178 833 1248 894 mihi

126 934 279 1019 peouuia’.
323 943 430 1018 Neque
453 941 530 1001 enim
554 940 649 1018 probo
672 939 823 1017 Spengelii
849 938 1044 1014 seutentiam,
1074 936 1125 1014 qui
1147 929 1248 995 ‘mihi’

123 1063 144 1104 a
166 1061 248 1105 more
277 1043 416 1105 Plautino
446 1043 609 1104 abhorrere
641 1045 671 1104 et
702 1041 783 1102 haud
812 1041 902 1102 dubie
932 1040 1131 1117 corruptelam
1155 1040 1248 1099 latere

123 1145 287 1208 contendit

586 1313 789 1324 ...--.---.

664 1549 713 1632 Β.

365 1649 553 1785 Genetiuus
581 1706 723 1803 peteris
750 1706 1009 1805 (parturimur)

309 1875 340 1941 Ι.
365 1874 556 1943 Genetivus
578 1875 773 1960 partititus
796 1881 930 1959 (proprio
953 1877 1064 1952 seusu).

212 2023 237 2078 1.
260 2014 458 2096 superlativis
481 2020 605 2080 Plautus
628 2039 694 2079 oum
717 2012 826 2096 ‘solis’,
856 2023 919 2079 tum
949 2018 1030 2077 ‘oum
1059 2015 1247 2077 substantivo

124 2115 306 2180 oonlunotis’
333 2122 503 2196 genetivum
525 2122 698 2198 partitivum
723 2123 774 2199 qui
798 2125 922 2182 vocatur
945 2118 1089 2195 adiungit.
1125 2119 1248 2177 Praeter

125 2227 226 2282 oetera
248 2226 348 2283 autem
372 2223 572 2285 memorabilia
594 2217 737 2285 videntur
765 2225 917 2302 exempla,
946 2223 976 2282 iu
1006 2222 1114 2299 quibus
1144 2238 1246 2296 super-

124 2324 234 2384 lativus
266 2323 295 2398 a)
319 2327 353 2385 in
384 2326 497 2387 forma
524 2328 688 2404 genetivi
719 2346 806 2404 quem
835 2327 959 2386 ‹lieimus
990 2325 1101 2403 pretii
1131 2323 1247 2400 positus

124 2430 183 2486 est:
207 2427 265 2487 Mil.
282 2431 343 2490 558
367 2429 517 2490 homiuum
541 2449 587 2489 me
610 2430 739 2490 omnium
763 2430 883 2490 minumi
906 2428 998 2507 preti;
1022 2426 1109 2504 Epiri.
1124 2429 1184 2487 501
1203 2442 1247 2502 sq.

124 2528 253 2589 omnium
276 2532 427 2592 hominum
451 2551 516 2593 esse
537 2564 580 2573 —
602 2533 724 2594 minumi
746 2534 834 2610 preti.

209 2630 240 2704 b)
272 2633 380 2710 Neque
412 2653 485 2694 vero
517 2636 642 2695 Plautus
674 2636 789 2712 respuit
819 2633 996 2693 adverbia
1029 2629 1245 2706 superlativi

123 2732 228 2793 eodem
246 2734 334 2796 modo
357 2739 543 2797 constructa:
567 2739 657 2796 Mero.
672 2741 733 2798 421
751 2737 880 2796 minume
895 2735 1038 2812 gentium.
1061 2733 1139 2792 idem
1154 2732 1247 2792 Poeu.

121 2835 220 2914 1113,
244 2840 298 2908 773
331 2838 422 2898 Truo.
445 2839 474 2898 ΙΙ
497 2843 524 2914 7,
548 2841 587 2901 33
619 2857 664 2899 me
693 2839 776 2898 illum
800 2855 899 2897 amare
922 2837 1093 2913 plurumum
1117 2834 1245 2893 omnium

123 2938 291 3010 hominum3
314 2938 385 3000 ibid.
400 2941 428 3000 ll
445 2946 472 3020 7,
488 2944 528 3004 34
552 2960 709 3018 meumque
734 2942 876 3002 lrouorem
892 2939 973 2999 illum
990 2938 1100 2999 habere
1116 2937 1246 2997 omnium

123 3059 301 3102 maxumum.

207 3145 369 3205 Praeterea
391 3144 476 3224 falso,
499 3145 528 3205 id
552 3146 633 3224 quod
651 3148 714 3231 jam
730 3145 905 3217 videbimus,
926 3139 1087 3221 ‘proxume
1105 3141 1245 3201 vioiuiae'

125 3247 314 3322 anouuullis
337 3247 508 3308 adnotatur.
560 3250 646 3309 Most.
663 3254 745 3312 1062
776 3251 853 3309 onim
884 3250 914 3307 iu
944 3246 1096 3306 oodioibus
1127 3247 1246 3305 exstant

125 3348 198 3408 haee
214 3349 320 3409 verba:
342 3351 477 3428 proxima
494 3351 603 3412 vieinla
618 3351 677 3411 ΑΒ
688 3353 714 3410 D
724 3353 749 3411 F
760 3353 797 3424 Z,'
816 3351 952 3429 proxima
967 3349 1066 3409 vieina
1082 3347 1114 3408 G.
1143 3347 1245 3424 Atque

123 3451 325 3511 Bueohelerus
349 3452 478 3532 quidem,
506 3454 558 3530 qui
581 3453 717 3514 oodioum
741 3445 920 3530 scripturam
943 3453 1061 3529 retinet,
1084 3451 1244 3510 ablativum

121 3547 271 3631 ‘proxima
286 3547 411 3615 vieinia'
435 3574 558 3616 munere
574 3556 693 3616 looativi
709 3555 794 3633 fungi
811 3559 905 3633 putat
942 3551 1121 3614 Ritsohelius
1136 3558 1245 3628 autem,

123 3657 170 3715 oui
192 3655 328 3716 eodioum
353 3654 442 3718 leotio
466 3659 623 3719 offensioni
647 3662 701 3738 est,
723 3658 881 3736 ‘proxume
904 3656 1044 3718 vioiuiae'
1066 3656 1154 3716 scribi
1171 3656 1244 3714 vult.

123 3756 177 3819 cui
197 3758 363 3820 Loreuzius
386 3761 548 3820 assentitur
570 3764 600 3820 et
623 3761 701 3821 haue
723 3762 901 3822 looutiouem
925 3759 969 3820 aie
992 3759 1139 3835 explieat:
1160 3749 1244 3816 ‘viei-

122 3859 202 3920 uiae’
233 3863 405 3939 genetivum
435 3863 554 3939 generis
584 3881 621 3922 ex
651 3861 822 3941 ‘proxume’
848 3862 989 3923 adverbio
1013 3862 1143 3922 looativo
1165 3861 1244 3920 siout

121 3955 206 4022 ‘looi’
230 3983 267 4024 ex
290 3957 410 4025 ‘ibidem
420 3962 437 4043 '‚
458 3957 637 4025 ‘terrarum'
660 3984 697 4026 ex
720 3959 810 4042 ‘ubi’,
832 3959 1009 4026 ‘amentiae'
1031 3983 1069 4024 ex
1084 3955 1146 4024 ‘eo’
1172 3981 1243 4039 pen-

122 4064 201 4140 (lere.
244 4065 391 4143 Equidem
414 4085 481 4126 oum
504 4067 606 4128 Brixio
628 4067 728 4128 facere
757 4069 928 4144 maluerim,
957 4068 1008 4145 qui
1038 4086 1075 4126 ex
1105 4065 1244 4143 analogia

37 4247 46 4254 ,
122 4185 168 4227 vv.
184 4168 245 4228 Mil.
260 4171 332 4243 273,
355 4169 406 4230 ubi
430 4168 514 4229 oodd.
537 4169 634 4231 Aeo
657 4163 835 4248 ‘proxumae
857 4163 1001 4231 vieiniae’
1030 4160 1154 4240 habeut,
1186 4168 1243 4228 nisi

124 4283 323 4292 ...Ἄ-...Μ

207 4349 227 4413 ¹)
251 4346 286 4400 de
305 4347 334 4401 vl
358 4363 390 4403 ae
414 4348 564 4418 partitione
589 4348 672 4404 huius
696 4349 819 4420 genetivi
843 4347 879 4404 oi.
903 4348 1037 4404 Kuehuer
1055 4349 1073 4404 l.
1088 4367 1110 4405 o.
1129 4349 1198 4420 §tt
1215 4353 1242 4418 ¹3

122 4432 197 4501 §8⁴3
213 4436 243 4486 et
259 4432 373 4503 iladvig
390 4433 408 4489 l.
420 4449 444 4491 o.
462 4434 548 4506 §tsl
567 4435 653 4505 §tta
